<record><leader>00000cas a22000007a 4500</leader><controlfield tag="001">10494264</controlfield><controlfield tag="008">840307d18541879pauwr ne      0    0eng d</controlfield><datafield ind1=" " ind2=" " tag="010"><subfield code="a">sn 84026511 </subfield></datafield><datafield ind1=" " ind2=" " tag="040"><subfield code="a">NPU</subfield><subfield code="b">eng</subfield><subfield code="c">NPU</subfield><subfield code="d">NPY</subfield><subfield code="d">NPH</subfield><subfield code="d">NPX</subfield><subfield code="d">NPH</subfield><subfield code="d">OCLCQ</subfield></datafield><datafield ind1=" " ind2=" " tag="042"><subfield code="a">msc</subfield></datafield><datafield ind1="0" ind2=" " tag="130"><subfield code="a">American standard (Uniontown, Pa.)</subfield></datafield><datafield ind1="1" ind2="0" tag="245"><subfield code="a">American standard.</subfield></datafield><datafield ind1=" " ind2=" " tag="260"><subfield code="a">Uniontown, Fayette Co., Pa. :</subfield><subfield code="b">[s.n.]</subfield></datafield><datafield ind1=" " ind2=" " tag="300"><subfield code="a">v. ;</subfield><subfield code="c">61-73 cm.</subfield></datafield><datafield ind1=" " ind2=" " tag="310"><subfield code="a">Weekly</subfield></datafield><datafield ind1="1" ind2=" " tag="362"><subfield code="a">Began with Nov. 18, 1854 issue.</subfield><subfield code="z">Cf. Hist. of Fayette Co., Pa., 1882.</subfield></datafield><datafield ind1="0" ind2=" " tag="362"><subfield code="a">-v. 52, no. 52 (Mar. 20, 1879).</subfield></datafield><datafield ind1=" " ind2=" " tag="500"><subfield code="a">"An advocate of American principles, and the news of American labor."</subfield></datafield><datafield ind1=" " ind2=" " tag="500"><subfield code="a">Publishers: John W. Beazell &amp; Co., &lt;1863-1865&gt;; William H. Miller, &lt;1872-1876&gt;.</subfield></datafield><datafield ind1=" " ind2=" " tag="500"><subfield code="a">Editor: William H. Miller, &lt;1872-1876&gt;.</subfield></datafield><datafield ind1=" " ind2=" " tag="588"><subfield code="a">Description based on: Vol. 1, no. 9 (Feb. 8, 1855).</subfield></datafield><datafield ind1=" " ind2=" " tag="752"><subfield code="a">United States</subfield><subfield code="b">Pennsylvania</subfield><subfield code="c">Fayette</subfield><subfield code="d">Uniontown.</subfield></datafield><datafield ind1="0" ind2="0" tag="780"><subfield code="t">Uniontown democrat and Fayette County advertiser</subfield><subfield code="w">(DLC)sn 87062145</subfield></datafield><datafield ind1="0" ind2="7" tag="785"><subfield code="t">Fayette County Republican</subfield><subfield code="w">(DLC)sn 86081354</subfield></datafield><datafield ind1="0" ind2="7" tag="785"><subfield code="t">Republican standard (Uniontown, Pa.)</subfield><subfield code="w">(DLC)sn 86081355</subfield></datafield><datafield ind1="1" ind2=" " tag="029"><subfield code="a">AU@</subfield><subfield code="b">000025784609</subfield></datafield></record>